<?xml version="1.0" encoding="UTF-8"?><collection xmlns="http://www.loc.gov/MARC21/slim"><record><leader>00279nam--2200109-i-4500</leader><controlfield tag="001">000005202</controlfield><controlfield tag="002">20161230</controlfield><controlfield tag="005">20161230201026</controlfield><controlfield tag="008">060222s1000------------r-----000-0-eng-d</controlfield><datafield ind1=" " ind2=" " tag="245"><subfield code="a">Catalog general analitic, 1948-1957</subfield></datafield><datafield ind1=" " ind2=" " tag="260"><subfield code="a">Bucuresti, Ed.Acad. R.P.R., 1960. 1132 P</subfield></datafield><datafield ind1=" " ind2=" " tag="852"><subfield code="a">7461</subfield></datafield></record></collection>